/home/stengel/CURRENT/evolut/bib-evol.bib