@article{brandts2011,
  title={The strategy versus the direct-response method: a first survey of experimental comparisons},
  author={Brandts, Jordi and Charness, Gary},
  journal={Experimental Economics},
  volume={14},
  number={3},
  pages={375--398},
  year={2011},
}

@article{calvano2020,
  title={Artificial intelligence, algorithmic pricing, and collusion},
  author={Calvano, Emilio and Calzolari, Giacomo and Denicolo, Vincenzo and Pastorello, Sergio},
  journal={American Economic Review},
  volume={110},
  number={10},
  pages={3267--3297},
  year={2020},
}

@book{Keser1992,
  title={Experimental Duopoly Markets with Demand Inertia: Game-Playing Experiments and the Strategy Method},
  author={Keser, Claudia},
  volume={391},
  series={Lecture Notes in Economics and Mathematical Systems},
  year={1992},
  publisher={Springer Verlag},
  address={Berlin},
}

@article{Keser1993,
  title={Some results of experimental duopoly markets with demand inertia},
  author={Keser, Claudia},
  journal={The Journal of Industrial Economics},
  volume={41},
  number={2},
  pages={133--151},
  year={1993},
}

@article{Selten1965,
  title={Spieltheoretische {B}ehandlung eines {O}ligopolmodells mit
  {N}achfragetr\"agheit: {Teil I:} {B}estimmung des dynamischen
  {P}reisgleichgewichts},
  author={Selten, Reinhard},
  journal={Zeitschrift f{\"u}r die gesamte Staatswissenschaft/Journal of Institutional and Theoretical Economics},
  volume={121},
  number={2},
  pages={301--324},
  year={1965},
}

@article{WD92,
  title={Q-learning},
  author={Watkins, Christopher J.C.H. and Dayan, Peter},
  journal={Machine learning},
  volume={8},
  number={3},
  pages={279--292},
  year={1992},
  publisher={Kluwer},
}

@article{vS2010,
  title={Follower payoffs in symmetric duopoly games},
  author={von Stengel, Bernhard},
  journal={Games and Economic Behavior},
  volume={69},
  number={2},
  pages={512--516},
  year={2010},
  publisher={Elsevier}
}

@article{GW03,
  title={A global {N}ewton method to compute {N}ash equilibria},
  author={Govindan, Srihari and Wilson, Robert},
  journal={Journal of Economic Theory},
  volume={110},
  number={1},
  pages={65--86},
  year={2003},
  publisher={Elsevier}
}

@article{LH,
  title={Equilibrium points of bimatrix games},
  author={Lemke, Carlton E and Howson, Jr, Joseph T},
  journal={Journal of the Society for Industrial and Applied Mathematics},
  volume={12},
  number={2},
  pages={413--423},
  year={1964},
  publisher={SIAM}
}

@article{Shapley1974,
  title={A note on the {L}emke-{H}owson algorithm},
  author={Shapley, Lloyd S},
  journal={Mathematical Programming Study 1: Pivoting and
  Extensions,},
  pages={175--189},
  year={1974},
  publisher={Springer}
}

@book{vS22,
  title={Game Theory Basics},
  author={von Stengel, Bernhard},
  year={2022},
  publisher={Cambridge University Press},
  address={Cambridge, UK},
}

@article{vdET99,
  title={An algorithmic approach toward the tracing procedure for bi-matrix games},
  author={van den Elzen, Antoon and Talman, Dolf},
  journal={Games and Economic Behavior},
  volume={28},
  number={1},
  pages={130--145},
  year={1999},
  publisher={Elsevier}
}

@article{balthasar2010,
  title={Equilibrium tracing in strategic-form games},
  author={Balthasar, Anne},
  journal={Economic theory},
  volume={42},
  number={1},
  pages={39--54},
  year={2010},
  publisher={Springer}
}



